@article{bonnet2021twini,
  title={Twin-width I: tractable FO model checking},
  author={Bonnet, {\'E}douard and Kim, Eun Jung and Thomass{\'e}, St{\'e}phan and Watrigant, R{\'e}mi},
  journal={ACM Journal of the ACM (JACM)},
  volume={69},
  number={1},
  pages={1--46},
  year={2021},
  publisher={ACM New York, NY}
}

@inproceedings{bonnet2021twinii,
  title={Twin-width II: small classes},
  author={Bonnet, {\'E}douard and Geniet, Colin and Kim, Eun Jung and Thomass{\'e}, St{\'e}phan and Watrigant, R{\'e}mi},
  booktitle={Proceedings of the 2021 ACM-SIAM Symposium on Discrete Algorithms (SODA)},
  pages={1977--1996},
  year={2021},
  organization={SIAM}
}

@online{PACE,
	author={PACE},
	title = {PACE 2023},
	year = 2022,
	url = {https://pacechallenge.org/2023/},
	lastaccessed = {March 27, 2023}
}

@InProceedings{Bonnet2020,
  author    = {Edouard Bonnet and Eun Jung Kim and Stephan Thomasse and Remi Watrigant},
  booktitle = {2020 {IEEE} 61st Annual Symposium on Foundations of Computer Science ({FOCS})},
  year      = {2020},
  month = {11},
  title     = {Twin-width I: tractable {FO} model checking},
  doi       = {10.1109/focs46700.2020.00062},
  publisher = {{IEEE}}
}

@Misc{Jacob2022,
  author    = {Jacob, Hugo and Pilipczuk, Marcin},
  year      = {2022},
  title     = {Bounding twin-width for bounded-treewidth graphs, planar graphs, and bipartite graphs},
  doi       = {10.48550/ARXIV.2201.09749},
  copyright = {Creative Commons Attribution 4.0 International},
  keywords  = {Discrete Mathematics (cs.DM), Data Structures and Algorithms (cs.DS), Combinatorics (math.CO), FOS: Computer and information sciences, FOS: Computer and information sciences, FOS: Mathematics, FOS: Mathematics},
  publisher = {arXiv} 
}

@Article{Hlineny2022,
  author      = {Hliněný, Petr},
  month = {05},
  title       = {Twin-width of Planar Graphs is at most 9, and at most 6 when Bipartite Planar},
  doi         = {10.48550/ARXIV.2205.05378},
  eprint      = {2205.05378},
  eprintclass = {math.CO},
  eprinttype  = {arXiv},
  copyright   = {Creative Commons Attribution Share Alike 4.0 International},
  file        = {:http\://arxiv.org/pdf/2205.05378v4:PDF},
  keywords    = {Combinatorics (math.CO), FOS: Mathematics},
  publisher   = {arXiv},
  year        = {2022}
}

@Comment{jabref-meta: databaseType:biblatex;}
